@book{latexcompanion,
    author    = "Michel Goossens and Frank Mittelbach and Alexander Samarin",
    title     = "The \LaTeX\ Companion",
    year      = "1993",
    publisher = "Addison-Wesley",
    address   = "Reading, Massachusetts",
    keywords  = "latex"
}

@book{ceh,
    author    = "Sean Oriyano ",
    title     = "Certified Ethical Hacker V9",
    year      = "2016",
    publisher = "SYBEX",
}

@misc{tools, author={Kali Linux}, title={Kali Linux Tools Listing}, url={https://tools.kali.org/tools-listing}, journal={Penetration Testing Tools}} 
 

@online{metasploitable3,
    author    = "rapid7",
    title     = "metasplotable3",
    url       = "https://github.com/rapid7/metasploitable3",
    addendum = "(accessed: 10.08.2020)",
    keywords  = "entorno de pruebas, metasploitable, vulnerable, vagrant, entorno"
}

@online{phoenixnap,
    author    = "Bojana Dobran",
    title     = "Security vs Compilance",
    url       = "https://phoenixnap.com/blog/security-vs-compliance",
    addendum = "(accessed: 14.06.2020)",
    keywords  = "legislación, regulaciones, seguridad, compilance"
}

@online{wazuh-pci,
    author    = "Wazuh team",
    title     = "Using Wazuh for PCI DSS",
    url       = "https://documentation.wazuh.com/3.12/pci-dss/index.html",
    addendum = "(accessed: 14.06.2020)",
    keywords  = "pci dssm, wazuh, legislación, regulaciones, seguridad, compilance"
}


@online{t108,
    author    = "Convenios Internacionales",
    title     = " Tratado 108",
    url       = "https://rm.coe.int/convention-108-convention-for-the-protection-of-individuals-with-regar/16808b36f1",
}

@online{rgpd,
    author    = "RGPD",
    title     = " RGPD",
    url       = " https://www.boe.es/doue/2016/119/L00001-00088.pdf",
}

@online{lopd,
    author    = "LOPD",
    title     = " LOPD",
    url       = "https://www.boe.es/buscar/doc.php?id=BOE-A-2018-16673",
}
@online{logging,
    author    = "Damien King",
    title     = "Logging Like A Lumberjack",
    url       = "https://www.contextis.com/us/blog/logging-like-a-lumberjack",
    addendum = "(accessed: 14.06.2020)",
    keywords  = "linux, logging, reporting, pentesting"
}

@article{Arey,
  author =       "Joshua Arey",
  title =        "Tracking Penetration Test Activities",
  journal =      "SANS Institue. Information Security Reading Room",
  pages =        "25",
  year =         "2020",
  DOI =          "https://www.sans.org/reading-room/whitepapers/monitoring/paper/39495",
  keywords =     "physics"
}

@online{penstan,
    author    = "The penetration testing execution standard",
    title     = "The penetration testing execution standard",
    url       = "http://www.pentest-standard.org",
    addendum = "(accessed: 12.04.2021",
    keywords  = "linux, logging, reporting, pentesting, starndard"
}

@online{cve12613,
    author    = "NVD",
    title     = "NVD - CVE2018-12613",
    url       = "https://nvd.nist.gov/vuln/detail/CVE-2018-12613",
    addendum = "(accessed: 12.04.2021",
    keywords  = "NVD, CVE, exploit, vulnerability"
}

@online{exploitdb2,
    author    = "exploit-db",
    title     = "exploit-db phpMyAdmin 4.8.1 - (Authenticated) Local File Inclusion (2) ",
    url       = "https://www.exploit-db.com/exploits/44928",
    addendum = "(accessed: 18.01.2021",
    keywords  = "NVD, CVE, exploit, vulnerability"
}

@online{mitre,
    author    = "MITRE",
    title     = "MITRE ATT&CK",
    url       = "https://attack.mitre.org/#",
    addendum = "(accessed: 21.04.2021",
    keywords  = "MITRE, ATT\%ACK, técnicas, hacking"
}

@online{offensive,
    author    = "offensive security",
    title     = "offensive security, web oficial",
    url       = "https://www.offensive-security.com/",
    addendum =  "accessed: 22.03.2021",
    keywords  = "kali linux, hacking ético, seguridad ofensiva, certificaciones"
}

@online{wcloud,
    author    = "Wazuh",
    title     = "Wazuh cloud",
    url       = "https://wazuh.com/cloud/",
    addendum =  "accessed: 28.02.2021",
    keywords  = "wazuh,services,cloud"
}

@online{hakluke,
    author    = " @hakluke​",
    title     = "How to Crush Bug Bounties in the first 12 Months",
    url       = "https://www.youtube.com/watch?v=AbebbJ3cRLI",
    addendum =  "accessed: 28.02.2021",
    keywords  = "ethical hacking, bug bounty, talk"
}

@online{burp,
    author    = " Buip suite​",
    title     = "Burp Suite",
    url       = "https://portswigger.net/burp",
    addendum =  "accessed: 28.02.2021",
    keywords  = "ethical hacking, web testing, burp"
}

@online{WAZUH,
    author    = " Wazuh",
    title     = "Web oficial de Wazuh",
    url       = "https://wazuh.com/",
    addendum =  "accessed: 12.04.2021",
    keywords  = "wazuh, security"
}


@online{independiente,
    author    = "El independiente",
    title     = "2020, año récord en ciberataques",
    url       = "https://www.elindependiente.com/espana/2021/01/01/2020-ano-record-en-ciberataques/",
    addendum =  "accessed: 12.04.2021",
    keywords  = "ciberataques, hacking, news, contexto"
}

@book{books/daglib/0076234,
  added-at = {2011-04-19T00:00:00.000+0200},
  author = {Jain, Raj},
  biburl = {https://www.bibsonomy.org/bibtex/2fec32c393af648375f02cde200e33b99/dblp},
  interhash = {655d52a18a388bbf814d7d5e5df1f018},
  intrahash = {fec32c393af648375f02cde200e33b99},
  isbn = {978-0-471-50336-1},
  keywords = {dblp},
  pages = {I-XXVII, 1-685},
  publisher = {Wiley},
  series = {Wiley professional computing},
  timestamp = {2011-04-29T15:27:00.000+0200},
  title = {The art of computer systems performance analysis - techniques for experimental design, measurement, simulation, and modeling. (Capítulo 5)},
  year = 1991
}

@online{prompttoolkit,
    author    = "Prompt Toolkit",
    title     = "Documentación de Python prompt toolkit",
    url       = "https://python-prompt-toolkit.readthedocs.io/en/master/",
    addendum =  "accessed: 12.04.2021",
    keywords  = "Python, prompt-toolkit, xonsh"
}

@online{xonshdocs,
    author    = "Xonsh",
    title     = "Documentación de xonsh",
    url       = "https://xon.sh/customization.html#customizing-xonsh-how-do-i",
    addendum =  "accessed: 12.04.2021",
    keywords  = "xonsh, shell, documentacion"
}

@online{OpenSearch,
    author    = "OpenSearch",
    title     = "Documentación de OpenSearch",
    url       = "https://aws.amazon.com/blogs/opensource/introducing-opensearch/",
    addendum =  "accessed: 16.04.2021",
    keywords  = "xonsh, shell, documentacion"
}



@online{licensechange,
    author    = "Elasticsearch",
    title     = "Cambio de licencia de Elasticsearch",
    url       = "https://www.elastic.co/pricing/faq/licensing",
    addendum =  "accessed: 16.04.2021",
    keywords  = "Elasticsearch, licencias, opensource"
}


@article{cnncert,
    author    = "CCN-CERT",
    title     = "Ciberamenazas y Tendencias. Edición 2020 ",
    journal   = "CCN-CERT IA-13/20 ",
    ?_pages    = "41",
    year      = "2020",
}

@book{kalilinux, 
place={Cornelius, NC}, 
title={Kali Linux revealed: mastering the penetration testing distribution}, 
publisher={Offsec Press}, 
author={Hertzog Raphaël and OGorman, Jim and Aharoni, Mati},
year={2017}} 



@misc{owasp, author={IWASP}, title={OWASP Top Ten}, url={https://owasp.org/www-project-top-ten/}, journal={OWASP}}


@book{kennedy_2011, place={San Francisco, CA}, title={Metasploit: the penetration testers guide}, publisher={No Starch Press}, author={Kennedy, David}, year={2011}} 

@misc{tutorial_xonsh, title={Xonsh Tutorial¶}, url={https://xon.sh/tutorial.html}, journal={Tutorial - xonsh 0.9.26 documentation}} 